<record><leader>00000cas a22000007a 4500</leader><controlfield tag="001">15069686</controlfield><controlfield tag="008">870114d18uu1915txuwr ne      0    0eng d</controlfield><datafield ind1=" " ind2=" " tag="010"><subfield code="a">sn 86090702 </subfield></datafield><datafield ind1=" " ind2=" " tag="040"><subfield code="a">PPM</subfield><subfield code="b">eng</subfield><subfield code="c">PPM</subfield><subfield code="d">OCLCQ</subfield></datafield><datafield ind1=" " ind2=" " tag="042"><subfield code="a">msc</subfield></datafield><datafield ind1="0" ind2="4" tag="245"><subfield code="a">The Weekly Texas citizen.</subfield></datafield><datafield ind1=" " ind2=" " tag="260"><subfield code="a">Honey Grove, Tex. :</subfield><subfield code="b">Moyer &amp; Thompson</subfield></datafield><datafield ind1=" " ind2=" " tag="310"><subfield code="a">Weekly</subfield></datafield><datafield ind1="0" ind2=" " tag="362"><subfield code="a">-v. 44, no. 31 (Dec. 24, 1915).</subfield></datafield><datafield ind1=" " ind2=" " tag="588"><subfield code="a">Description based on: Vol. 36, no. 40 (Jan. 3, 1908).</subfield></datafield><datafield ind1=" " ind2=" " tag="752"><subfield code="a">United States</subfield><subfield code="b">Texas</subfield><subfield code="c">Fannin</subfield><subfield code="d">Honey Grove.</subfield></datafield><datafield ind1="0" ind2="0" tag="785"><subfield code="t">Honey Grove citizen</subfield></datafield><datafield ind1="1" ind2=" " tag="029"><subfield code="a">AU@</subfield><subfield code="b">000025789865</subfield></datafield></record>